%% This BibTeX bibliography file was created using BibDesk.
%% http://bibdesk.sourceforge.net/


%% Created for Sebastiaan Joosten at 2023-02-25 11:39:23 -0600 


%% Saved with string encoding Unicode (UTF-8) 



@inproceedings{Woude11,
	address = {Berlin},
	author = {Woude, Jaap van der and Joosten, Stef},
	booktitle = {Proceedings of the 12th conference on Relational and Algebraic Methods in Computer Science},
	date-added = {2023-02-25 11:38:55 -0600},
	date-modified = {2023-02-25 11:39:23 -0600},
	isbn = {978-3-642-21069-3},
	pages = {347-361},
	publisher = {Springer-Verlag},
	series = {Lecture Notes in Computer Science 6663},
	title = {{Relational Heterogeneity Relaxed by Subtyping}},
	year = {2011}}
